<?xml version="1.0" encoding="UTF-8"?><record xmlns="http://www.loc.gov/MARC21/slim" xmlns:cinclude="http://apache.org/cocoon/include/1.0" xmlns:zs="http://www.loc.gov/zing/srw/">
  <leader>00562cz  a2200169n  4500</leader>
  <controlfield tag="001">n  89619681 </controlfield>
  <controlfield tag="003">DLC</controlfield>
  <controlfield tag="005">20130313093811.0</controlfield>
  <controlfield tag="008">890404n| azannaab           |a aad      </controlfield>
  <datafield tag="010" ind1=" " ind2=" ">
    <subfield code="a">n  89619681 </subfield>
  </datafield>
  <datafield tag="040" ind1=" " ind2=" ">
    <subfield code="a">DLC</subfield>
    <subfield code="b">eng</subfield>
    <subfield code="e">rda</subfield>
    <subfield code="c">DLC</subfield>
    <subfield code="d">DLC</subfield>
  </datafield>
  <datafield tag="046" ind1=" " ind2=" ">
    <subfield code="f">1839</subfield>
  </datafield>
  <datafield tag="100" ind1="1" ind2=" ">
    <subfield code="a">Bowen, J. J.</subfield>
    <subfield code="q">(John Joseph),</subfield>
    <subfield code="d">1839-</subfield>
  </datafield>
  <datafield tag="378" ind1=" " ind2=" ">
    <subfield code="q">John Joseph</subfield>
  </datafield>
  <datafield tag="400" ind1="1" ind2=" ">
    <subfield code="w">nnea</subfield>
    <subfield code="a">Bowen, J. J.</subfield>
    <subfield code="q">(John Joseph),</subfield>
    <subfield code="d">b. 1839</subfield>
  </datafield>
  <datafield tag="400" ind1="1" ind2=" ">
    <subfield code="a">Bowen, John Joseph,</subfield>
    <subfield code="d">1839-</subfield>
  </datafield>
  <datafield tag="670" ind1=" " ind2=" ">
    <subfield code="a">nuc89-4220: His The strategy of Robert E. Lee [MI] 1914</subfield>
    <subfield code="b">(hdg. on CtY rept.: Bowen, John Joseph, 1839- ; usage: J.J. Bowen)</subfield>
  </datafield>
</record>